<?xml version="1.0" encoding="UTF-8"?><record xmlns="http://www.loc.gov/MARC21/slim" xmlns:cinclude="http://apache.org/cocoon/include/1.0" xmlns:zs="http://www.loc.gov/zing/srw/">
  <leader>00535nz  a2200145n  4500</leader>
  <controlfield tag="001">no 94001019 </controlfield>
  <controlfield tag="003">DLC</controlfield>
  <controlfield tag="005">19940113100448.1</controlfield>
  <controlfield tag="008">940111n| acannaab|          |a aaa     c</controlfield>
  <datafield tag="010" ind1=" " ind2=" ">
    <subfield code="a">no 94001019 </subfield>
  </datafield>
  <datafield tag="040" ind1=" " ind2=" ">
    <subfield code="a">DJBF</subfield>
    <subfield code="c">DJBF</subfield>
  </datafield>
  <datafield tag="100" ind1="1" ind2="0">
    <subfield code="a">Morozenko, V. V.</subfield>
    <subfield code="q">(Valentina Vasilévna)</subfield>
  </datafield>
  <datafield tag="400" ind1="1" ind2="0">
    <subfield code="a">Morozenko, Valentina Vasilévna</subfield>
  </datafield>
  <datafield tag="670" ind1=" " ind2=" ">
    <subfield code="a">Anglo-russkiĭ ėkonomiko-statisticheskiĭ slovar,́ 1974:</subfield>
    <subfield code="b">t.p. (V.V. Morozenko)</subfield>
  </datafield>
  <datafield tag="670" ind1=" " ind2=" ">
    <subfield code="a">OCLC database, 1/11/94</subfield>
    <subfield code="b">(hdg.: Morozenko, Valentina Vasilévna; Morozenko, V. V.; usage: V.V. Morozenko)</subfield>
  </datafield>
</record>